@article{bellovin1992encrypted,
  title  = {Encrypted key exchange: Password-based protocols secure against dictionary attacks},
  author = {Bellovin, Steven Michael and Merritt, Michael},
  year   = {1992}
}
@inproceedings{bovsnjak2018brute,
  title        = {Brute-force and dictionary attack on hashed real-world passwords},
  author       = {Bo{\v{s}}njak, L and Sre{\v{s}}, J and Brumen, Bosnjak},
  booktitle    = {2018 41st international convention on information and communication technology, electronics and microelectronics (mipro)},
  pages        = {1161--1166},
  year         = {2018},
  organization = {IEEE}
}
@misc{chang2022jpake,
  title   = {DH-EKE: Diffie-hellman encrypted key exchange},
  url     = {https://chunminchang.gitbooks.io/j-pake-over-tls/content/pake/balanced/dh-eke.html},
  journal = {DH-EKE: Diffie-Hellman Encrypted key exchange Â· J-PAKE over TLS},
  author  = {Chang, Chun-Min},
  note    = {Access: 6.7.2022}
} 

@inproceedings{de2021parasite,
  title     = {PARASITE: PAssword Recovery Attack against Srp Implementations in ThE wild},
  author    = {de Almeida Braga, Daniel and Fouque, Pierre-Alain and Sabt, Mohamed},
  booktitle = {Proceedings of the 2021 ACM SIGSAC Conference on Computer and Communications Security},
  pages     = {2497--2512},
  year      = {2021}
}
@article{feige1988zero,
  title     = {Zero-knowledge proofs of identity},
  author    = {Feige, Uriel and Fiat, Amos and Shamir, Adi},
  journal   = {Journal of cryptology},
  volume    = {1},
  number    = {2},
  pages     = {77--94},
  year      = {1988},
  publisher = {Springer}
}
@inproceedings{hao2008password,
  title        = {Password authenticated key exchange by juggling},
  author       = {Hao, Feng and Ryan, Peter YA},
  booktitle    = {International Workshop on Security Protocols},
  pages        = {159--171},
  year         = {2008},
  organization = {Springer}
}
@inproceedings{hao2014speke,
  title        = {The SPEKE protocol revisited},
  author       = {Hao, Feng and Shahandashti, Siamak F},
  booktitle    = {International Conference on Research in Security Standardisation},
  pages        = {26--38},
  year         = {2014},
  organization = {Springer}
}
@inproceedings{hao2022sok,
  title     = {SoK: Password-Authenticated Key Exchange--Theory, Practice, Standardization and Real-World Lessons},
  author    = {Hao, Feng and van Oorschot, Paul C},
  booktitle = {Proceedings of the 2022 ACM on Asia Conference on Computer and Communications Security},
  pages     = {697--711},
  year      = {2022}
}
@inproceedings{jarecki2018opaque,
  title        = {OPAQUE: an asymmetric PAKE protocol secure against pre-computation attacks},
  author       = {Jarecki, Stanislaw and Krawczyk, Hugo and Xu, Jiayu},
  booktitle    = {Annual International Conference on the Theory and Applications of Cryptographic Techniques},
  pages        = {456--486},
  year         = {2018},
  organization = {Springer}
}
@inproceedings{mitra2021prevention,
  title        = {Prevention of the man-in-the-middle attack on Diffie--Hellman key exchange algorithm: A review},
  author       = {Mitra, Samrat and Das, Samanwita and Kule, Malay},
  booktitle    = {Proceedings of International Conference on Frontiers in Computing and Systems},
  pages        = {625--635},
  year         = {2021},
  organization = {Springer}
}
@article{neven2009hash,
  title     = {Hash function requirements for Schnorr signatures},
  author    = {Neven, Gregory and Smart, Nigel P and Warinschi, Bogdan},
  journal   = {Journal of Mathematical Cryptology},
  volume    = {3},
  number    = {1},
  pages     = {69--87},
  year      = {2009},
  publisher = {De Gruyter}
}
@incollection{sherman2020formal,
  title     = {Formal methods analysis of the secure remote password protocol},
  author    = {Sherman, Alan T and Lanus, Erin and Liskov, Moses and Zieglar, Edward and Chang, Richard and Golaszewski, Enis and Wnuk-Fink, Ryan and Bonyadi, Cyrus J and Yaksetig, Mario and Blumenfeld, Ian},
  booktitle = {Logic, Language, and Security},
  pages     = {103--126},
  year      = {2020},
  publisher = {Springer}
}
@article{sobti2012cryptographic,
  title     = {Cryptographic hash functions: a review},
  author    = {Sobti, Rajeev and Geetha, Ganesan},
  journal   = {International Journal of Computer Science Issues (IJCSI)},
  volume    = {9},
  number    = {2},
  pages     = {461},
  year      = {2012},
  publisher = {International Journal of Computer Science Issues (IJCSI)}
}
@incollection{standaert2010introduction,
  title     = {Introduction to side-channel attacks},
  author    = {Standaert, Fran{\c{c}}ois-Xavier},
  booktitle = {Secure integrated circuits and systems},
  pages     = {27--42},
  year      = {2010},
  publisher = {Springer}
}
@inproceedings{toorani2014security,
  title        = {Security analysis of J-PAKE},
  author       = {Toorani, Mohsen},
  booktitle    = {2014 IEEE Symposium on Computers and Communications (ISCC)},
  pages        = {1--6},
  year         = {2014},
  organization = {IEEE}
}
@inproceedings{vanhoef2020dragonblood,
  title        = {Dragonblood: Analyzing the Dragonfly Handshake of WPA3 and EAP-pwd},
  author       = {Vanhoef, Mathy and Ronen, Eyal},
  booktitle    = {2020 IEEE Symposium on Security and Privacy (SP)},
  pages        = {517--533},
  year         = {2020},
  organization = {IEEE}
}
@misc{wifi2020wpa3,
  title     = {WPA3 specification - Wi-Fi Alliance},
  journal   = {WPA3 specification},
  url       = {https://www.wi-fi.org/downloads-public/WPA3_Specification_v3.0.pdf},
  publisher = {Wi-Fi Alliance},
  year      = {2020},
  month     = {Dec},
  note    = {Access: 6.7.2022}
}
@inproceedings{wu1998secure,
  title        = {The Secure Remote Password Protocol.},
  author       = {Wu, Thomas D and others},
  booktitle    = {NDSS},
  volume       = {98},
  pages        = {97--111},
  year         = {1998},
  organization = {Citeseer}
} 
@article{carvalho2014heartbleed,
  title={Heartbleed 101},
  author={Carvalho, Marco and DeMott, Jared and Ford, Richard and Wheeler, David A},
  journal={IEEE security \& privacy},
  volume={12},
  number={4},
  pages={63--67},
  year={2014},
  publisher={IEEE}
}